<?xml version="1.0" encoding="UTF-8"?>
<collection xmlns:xsi="http://www.w3.org/2001/XMLSchema-instance" xsi:schemaLocation="http://www.loc.gov/MARC21/slim http://www.loc.gov/standards/marcxml/schema/MARC21slim.xsd" xmlns="http://www.loc.gov/MARC21/slim">
<record>
  <leader>01541cam a2200313   4500</leader>
  <controlfield tag="001">2757097</controlfield>
  <controlfield tag="003">NNC</controlfield>
  <controlfield tag="005">20030429134722.0</controlfield>
  <controlfield tag="008">860113m19489999iq bcfh  b    001 0 arar </controlfield>
  <datafield tag="010" ind1=" " ind2=" ">
    <subfield code="a">   60025493 /NE/r90</subfield>
  </datafield>
  <datafield tag="035" ind1=" " ind2=" ">
    <subfield code="a">(OCoLC)ocm13095072</subfield>
  </datafield>
  <datafield tag="035" ind1=" " ind2=" ">
    <subfield code="9">ARM2785CU</subfield>
  </datafield>
  <datafield tag="040" ind1=" " ind2=" ">
    <subfield code="a">DLC</subfield>
    <subfield code="c">DLC</subfield>
    <subfield code="d">ZCU</subfield>
  </datafield>
  <datafield tag="043" ind1=" " ind2=" ">
    <subfield code="a">a-iq---</subfield>
  </datafield>
  <datafield tag="050" ind1="0" ind2="0">
    <subfield code="a">DS67.4</subfield>
    <subfield code="b">.S27 1948</subfield>
  </datafield>
  <datafield tag="090" ind1=" " ind2=" ">
    <subfield code="a">DS70.6</subfield>
    <subfield code="b">.S23</subfield>
  </datafield>
  <datafield tag="100" ind1="1" ind2=" ">
    <subfield code="a">Sarkis, Yaʻqūb,</subfield>
    <subfield code="d">1876-1959.</subfield>
  </datafield>
  <datafield tag="245" ind1="1" ind2="0">
    <subfield code="a">Mabāḥith ʻIrāqīyah fī al-jughrāfīyah wa-al-tārīkh wa-al-athār wa-khiṭaṭ Baghdād.</subfield>
    <subfield code="b">[Taʾlīf] Yaʻqūb Sarkīs. Bi-taqdīm Muḥammad Riḍā al-Shabībī.</subfield>
  </datafield>
  <datafield tag="260" ind1=" " ind2=" ">
    <subfield code="a">Baghdād,</subfield>
    <subfield code="b">Sharikat al-Tijārah wa-al-Ṭibāʻah,</subfield>
    <subfield code="c">1948-</subfield>
  </datafield>
  <datafield tag="300" ind1=" " ind2=" ">
    <subfield code="a">v.</subfield>
    <subfield code="b">plates, ports., map, facsims.</subfield>
    <subfield code="c">24 cm.</subfield>
  </datafield>
  <datafield tag="500" ind1=" " ind2=" ">
    <subfield code="a">Cover title: Recueil d'articles sur la géographie, l'histoire, les monuments anciens de l'Iraq, la topographie de Bagdad, etc., Yʾacoub N. Serkis.</subfield>
  </datafield>
  <datafield tag="500" ind1=" " ind2=" ">
    <subfield code="a">Vol. 3 edited by Maʻan Ḥamdān ʻAlī.</subfield>
  </datafield>
  <datafield tag="504" ind1=" " ind2=" ">
    <subfield code="a">Bibliography: v. 3, p. 335-342.</subfield>
  </datafield>
  <datafield tag="500" ind1=" " ind2=" ">
    <subfield code="a">Includes indexes.</subfield>
  </datafield>
  <datafield tag="505" ind1="1" ind2=" ">
    <subfield code="a">al-qism 1. al-Mabāḥith al-manshūrah fī majallat Lughat al-ʻArab min sanat 1912/14 wa-sanat 1927/31. -- al-qism 2. al-Mabāḥith al-manshūrah fī al-majallāt wa-al-jarāʾid al-ʻIrāqīyah 1935-1948.--al-qism 4. [no special title]</subfield>
  </datafield>
  <datafield tag="651" ind1=" " ind2="0">
    <subfield code="a">Iraq.</subfield>
  </datafield>
  <datafield tag="700" ind1="1" ind2=" ">
    <subfield code="a">ʻAlī, Maʻan Ḥamdān.</subfield>
  </datafield>
  <datafield tag="740" ind1="0" ind2="1">
    <subfield code="a">Recueil d'articles sur la géographie, l'histoire, les monuments anciens de l'Iraq, la topographie de Bagdad.</subfield>
  </datafield>
  <datafield tag="955" ind1=" " ind2=" ">
    <subfield code="b">CU17724171</subfield>
    <subfield code="d">off,glx</subfield>
    <subfield code="e">DS70.6 .S23</subfield>
    <subfield code="v">v.1</subfield>
  </datafield>
</record>
</collection>